@article{chen2014automatic,
  title={Automatic Itinerary Planning for Traveling Services},
  author={Chen, Gang and Wu, Sai and Zhou, Jingbo and Tung, Anthony KH},
  journal={IEEE Transactions on Knowledge and Data Engineering},
  volume={26},
  number={3},
  pages={514--527},
  year={2014},
  publisher={IEEE}
}

@misc{vanzelst2016itinerary,
  title={Personalised City Trip Itinerary Using Integer Linear Programming},
  author={van Zelst, Marijn},
  year={2016},
  howpublished={Trifork Blog},
  note={Accessed: 2025-05-09. Available at: \url{https://trifork.nl/blog/personalised-city-trip-itinerary-using-integer-linear-programming/}}
}

@inproceedings{taylor2018tour,
  title={Travel Itinerary Recommendations with Must-see Points-of-Interest},
  author={Taylor, Kendall and Lim, Kwan Hui and Chan, Jeffrey},
  booktitle={Proceedings of the 2018 Web Conference Companion},
  pages={1198--1205},
  year={2018},
  organization={ACM}
}

@article{vu2022branch,
  title={Branch-and-check approaches for the tourist trip design problem with rich constraints},
  author={Vu, Duc Minh and Kergosien, Yannick and Mendoza, Jorge E. and Desport, Pierre},
  journal={Computers \& Operations Research},
  volume={138},
  pages={105566},
  year={2022},
  publisher={Elsevier}
}

@article{sylejmani2011survey,
  title={A Survey on Tourist Trip Planning Systems},
  author={Sylejmani, Kadri and Dika, Agni},
  journal={International Journal of Arts \& Sciences},
  volume={4},
  number={9},
  pages={13--26},
  year={2011},
  publisher={InternationalJournal.org}
}

@manual{gurobi,
  title        = {Gurobi Optimizer Reference Manual},
  author       = {{Gurobi Optimization, LLC}},
  year         = {2024},
  url          = {https://www.gurobi.com},
  note         = {Accessed: 2025-05-11}
}


@misc{limkwanhuiDataCode,
  author       = {Lim, Kwan Hui},
  title        = {Flickr User-POI Visits Dataset - Kwan Hui Lim},
  howpublished = {\url{https://sites.google.com/site/limkwanhui/datacode}},
  note         = {Accessed: 2025-05-11}
}


@article{li2016travel,
  title={Travel itinerary problem},
  author={Li, Xiang and Zhou, Jiandong and Zhao, Xiande},
  journal={Transportation Research Part B: Methodological},
  volume={91},
  pages={332--343},
  year={2016},
  publisher={Elsevier}
}

@article{panagiotakis2024expectation,
  title={An Expectation-Maximization framework for Personalized Itinerary Recommendation with POI Categories and Must-see POIs},
  author={Panagiotakis, Costas and Daskalaki, Evangelia and Papadakis, Harris and Fragopoulou, Paraskevi},
  journal={ACM Transactions on Recommender Systems},
  volume={3},
  number={1},
  pages={1--33},
  year={2024},
  publisher={ACM New York, NY}
}

@article{rambha2024optimized,
  title={Optimized Itinerary Planning for Tourist Attractions},
  author={Rambha, Tarun},
  year={2024}
}

@article{liu2024personalized,
  title={Personalized Tour Itinerary Recommendation Algorithm Based on Tourist Comprehensive Satisfaction},
  author={Liu, Dingming and Wang, Lizheng and Zhong, Yanling and Dong, Yi and Kong, Jinling},
  journal={Applied Sciences},
  volume={14},
  number={12},
  pages={5195},
  year={2024},
  publisher={MDPI}
}


@article{lim2018personalized,
  title={Personalized trip recommendation for tourists based on user interests, points of interest visit durations and visit recency},
  author={Lim, Kwan Hui and Chan, Jeffrey and Leckie, Christopher and Karunasekera, Shanika},
  journal={Knowledge and Information Systems},
  volume={54},
  pages={375--406},
  year={2018},
  publisher={Springer}
}

@inproceedings{bolzoni2014efficient,
  title={Efficient itinerary planning with category constraints},
  author={Bolzoni, Paolo and Helmer, Sven and Wellenzohn, Kevin and Gamper, Johann and Andritsos, Periklis},
  booktitle={Proceedings of the 22nd ACM SIGSPATIAL international conference on advances in geographic information systems},
  pages={203--212},
  year={2014}
}



@inproceedings{gaonkar2018mdp,
  title={Mdp-based itinerary recommendation using geo-tagged social media},
  author={Gaonkar, Radhika and Tavakol, Maryam and Brefeld, Ulf},
  booktitle={Advances in Intelligent Data Analysis XVII: 17th International Symposium, IDA 2018,â€™s-Hertogenbosch, The Netherlands, October 24--26, 2018, Proceedings 17},
  pages={111--123},
  year={2018},
  organization={Springer}
}



@article{gavalas2014survey,
  title={A survey on algorithmic approaches for solving tourist trip design problems},
  author={Gavalas, Damianos and Konstantopoulos, Charalampos and Mastakas, Konstantinos and Pantziou, Grammati},
  journal={Journal of Heuristics},
  volume={20},
  number={3},
  pages={291--328},
  year={2014},
  publisher={Springer}
}


@article{sylejmani2011survey,
  title={A survey on tourist trip planning systems},
  author={Sylejmani, Kadri and Dika, Agni},
  journal={International Journal of Arts \& Sciences},
  volume={4},
  number={9},
  pages={13},
  year={2011},
  publisher={International Journal of Arts and Sciences LLC}
}

@article{zheng2021novel,
  title={A novel multi-objective and multi-constraint route recommendation method based on crowd sensing},
  author={Zheng, Xiaoyao and Luo, Yonglong and Sun, Liping and Yu, Qingying and Zhang, Ji and Chen, Siguang},
  journal={Applied Sciences},
  volume={11},
  number={21},
  pages={10497},
  year={2021},
  publisher={MDPI}
}

@article{yu2017mining,
  title={Mining coterie patterns from Instagram photo trajectories for recommending popular travel routes},
  author={Yu, Yaxin and Zhao, Yuhai and Yu, Ge and Wang, Guoren},
  journal={Frontiers of Computer Science},
  volume={11},
  pages={1007--1022},
  year={2017},
  publisher={Springer}
}

@inproceedings{jiaoman2018travel,
  title={Travel planning problem considering site selection and itinerary making},
  author={Jiaoman, Du and Lei, Li and Xiang, Li},
  booktitle={Proceedings of the 2018 Conference on Research in Adaptive and Convergent Systems},
  pages={29--36},
  year={2018}
}

@article{sylejmani2017planning,
  title={Planning the trip itinerary for tourist groups},
  author={Sylejmani, Kadri and Dorn, J{\"u}rgen and Musliu, Nysret},
  journal={Information Technology \& Tourism},
  volume={17},
  number={3},
  pages={275--314},
  year={2017},
  publisher={Springer}
}

@article{zografos2008algorithms,
  title={Algorithms for itinerary planning in multimodal transportation networks},
  author={Zografos, Konstantinos G and Androutsopoulos, Konstantinos N},
  journal={IEEE Transactions on Intelligent Transportation Systems},
  volume={9},
  number={1},
  pages={175--184},
  year={2008},
  publisher={IEEE}
}

@inproceedings{rani2018development,
  title={A development of travel itinerary planning application using traveling salesman problem and k-means clustering approach},
  author={Rani, Septia and Kholidah, Kartika Nur and Huda, Sheila Nurul},
  booktitle={Proceedings of the 2018 7th International Conference on Software and Computer Applications},
  pages={327--331},
  year={2018}
}


@article{yu2014optimal,
  title={Optimal tourist problem and anytime planning of trip itineraries},
  author={Yu, Jingjin and Aslam, Javed and Karaman, Sertac and Rus, Daniela},
  journal={arXiv preprint arXiv:1409.8536},
  year={2014}
}

@inproceedings{arora2024itinerary,
  title={Itinerary Planning for Tourists using Internet of Things},
  author={Arora, Shweta and Pargaien, Saurabh and Khan, Farha and Mer, Akansha and Misra, Abhishek},
  booktitle={2024 5th International Conference on Image Processing and Capsule Networks (ICIPCN)},
  pages={703--708},
  year={2024},
  organization={IEEE}
}